[gd_scene load_steps=11 format=2]

[ext_resource path="res://assets/textures/wall_fountain_mid_blue_anim_f1.png" type="Texture" id=1]
[ext_resource path="res://assets/textures/wall_fountain_basin_blue_anim_f2.png" type="Texture" id=2]
[ext_resource path="res://assets/textures/wall_fountain_top.png" type="Texture" id=3]
[ext_resource path="res://assets/textures/wall_fountain_basin_blue_anim_f1.png" type="Texture" id=4]
[ext_resource path="res://assets/textures/wall_fountain_mid_blue_anim_f2.png" type="Texture" id=5]
[ext_resource path="res://assets/textures/wall_fountain_basin_blue_anim_f0.png" type="Texture" id=6]
[ext_resource path="res://assets/textures/wall_fountain_mid_blue_anim_f0.png" type="Texture" id=7]

[sub_resource type="SpriteFrames" id=1]
animations = [ {
"frames": [ ExtResource( 7 ), ExtResource( 1 ), ExtResource( 5 ) ],
"loop": true,
"name": "default",
"speed": 6.0
} ]

[sub_resource type="SpriteFrames" id=2]
animations = [ {
"frames": [ ExtResource( 6 ), ExtResource( 4 ), ExtResource( 2 ) ],
"loop": true,
"name": "default",
"speed": 6.0
} ]

[sub_resource type="RectangleShape2D" id=3]
extents = Vector2( 8, 13 )

[node name="BlueFountain" type="StaticBody2D"]

[node name="AnimatedSprite" type="AnimatedSprite" parent="."]
frames = SubResource( 1 )
playing = true

[node name="AnimatedSprite2" type="AnimatedSprite" parent="."]
position = Vector2( 0, 16 )
frames = SubResource( 2 )
frame = 1
playing = true

[node name="Sprite" type="Sprite" parent="."]
position = Vector2( 0, -16 )
texture = ExtResource( 3 )

[node name="CollisionShape2D" type="CollisionShape2D" parent="."]
position = Vector2( 0, 1 )
shape = SubResource( 3 )
